@InProceedings{SIG09,
	author = {Kayvon Fatahalian},
	series = {SIGGRAPH 2009},
	title = {{Beyond Programmable Shading: How Shader Cores Work}},
	year = {2009},
	url = {http://s09.idav.ucdavis.edu/}
}

@InProceedings{SIG07,
	author = {John Owens},
	series = {SIGGRAPH 2007},
	title = {{GPGPU: GPU Architecture Overview}},
	year = {2007},
	url = {http://www.gpgpu.org/static/s2007/slides/02-gpu-architecture-overview-s07.pdf}
}

@TECHREPORT{Hong09,
    author = {Sunpyo Hong and Hyesoon Kim},
    title = {An analytical model for a GPU architecture with memory-level and thread-level parallelism awareness},
    institution = {},
    year = {2009},
	url = {http://citeseerx.ist.psu.edu/viewdoc/download?doi=10.1.1.187.8219&rep=rep1&type=pdf}
}

@article{Pan92,
 author = {Pan, Shien-Tai and So, Kimming and Rahmeh, Joseph T.},
 title = {Improving the accuracy of dynamic branch prediction using branch correlation},
 journal = {SIGPLAN Not.},
 volume = {27},
 issue = {9},
 month = {September},
 year = {1992},
 issn = {0362-1340},
 pages = {76--84},
 numpages = {9},
 url = {http://doi.acm.org/10.1145/143371.143490},
 doi = {http://doi.acm.org/10.1145/143371.143490},
 acmid = {143490},
 publisher = {ACM},
 address = {New York, NY, USA},
} 

@InProceedings{Luebke08,
	author = {David Luebke},
	url = {http://s08.idav.ucdavis.edu/luebke-nvidia-gpu-architecture.pdf},
	title = {{GPU Architecture: Implications & Trends}},
	year = {2008},
	series = {SIGGRAPH 2008}
}

@inproceedings{Zhang09,
  author = {He, Liqiang and Zhang, Guangyong},
  editor = {Zhang, Wu and Chen, Zhangxin and Douglas, Craig C. and Tong, Weiqin},
  booktitle = {HPCA (China)},
  pages = {153-160},
  publisher = {Springer},
  series = {Lecture Notes in Computer Science},
  title = {Parallel Branch Prediction on GPU Platform.},
  url = {http://dblp.uni-trier.de/db/conf/cnhpca/cnhpca2009.html#HeZ09},
  volume = 5938,
  year = 2009,
  isbn = {978-3-642-11841-8},
  biburl = {http://www.bibsonomy.org/bibtex/20a7e5049516339874f16f12801b3caae/dblp},
  date = {2010-03-19}
}

@INPROCEEDINGS{yags98,
    author = {A. N. Eden and T. Mudge {ane},
    title = {The YAGS branch prediction scheme},
    booktitle = {In Proceedings of the 31st Annual ACM/IEEE International Symposium on Microarchitecture},
    year = {1998},
    pages = {69--77}
	url = {http://www.eecs.umich.edu/~tnm/papers/yags.pdf}
}

@inproceedings{Yeh91,
 author = {Yeh, Tse-Yu and Patt, Yale N.},
 title = {Two-level adaptive training branch prediction},
 booktitle = {Proceedings of the 24th annual international symposium on Microarchitecture},
 series = {MICRO 24},
 year = {1991},
 isbn = {0-89791-460-0},
 location = {Albuquerque, New Mexico, Puerto Rico},
 pages = {51--61},
 numpages = {11},
 url = {http://doi.acm.org/10.1145/123465.123475},
 doi = {http://doi.acm.org/10.1145/123465.123475},
 acmid = {123475},
 publisher = {ACM},
 address = {New York, NY, USA},
} 
